@Manual{raster,
  title = {raster: Geographic Data Analysis and Modeling},
  author = {Robert J. Hijmans},
  year = {2019},
  note = {R package version 3.0-7},
  url = {https://CRAN.R-project.org/package=raster},
}
