% Encoding: UTF-8
@Manual{bookdown1,
  title = {bookdown: Authoring Books and Technical Documents with R Markdown},
  author = {Yihui Xie},
  year = {2019},
  note = {R package version 0.15},
  url = {https://github.com/rstudio/bookdown},
}

@Book{bookdown2,
  title = {bookdown: Authoring Books and Technical Documents with {R} Markdown},
  author = {Yihui Xie},
  publisher = {Chapman and Hall/CRC},
  address = {Boca Raton, Florida},
  year = {2016},
  note = {ISBN 978-1138700109},
  url = {https://github.com/rstudio/bookdown},
}

@Manual{knitr1,
  title = {knitr: A General-Purpose Package for Dynamic Report Generation in R},
  author = {Yihui Xie},
  year = {2019},
  note = {R package version 1.26},
  url = {https://yihui.name/knitr/},
}

@Book{knitr2,
  title = {Dynamic Documents with {R} and knitr},
  author = {Yihui Xie},
  publisher = {Chapman and Hall/CRC},
  address = {Boca Raton, Florida},
  year = {2015},
  edition = {2nd},
  note = {ISBN 978-1498716963},
  url = {https://yihui.name/knitr/},
}

@InCollection{knitr3,
  booktitle = {Implementing Reproducible Computational Research},
  editor = {Victoria Stodden and Friedrich Leisch and Roger D. Peng},
  title = {knitr: A Comprehensive Tool for Reproducible Research in {R}},
  author = {Yihui Xie},
  publisher = {Chapman and Hall/CRC},
  year = {2014},
  note = {ISBN 978-1466561595},
  url = {http://www.crcpress.com/product/isbn/9781466561595},
}

@Article{osmdata,
  title = {osmdata},
  author = {Mark Padgham and Bob Rudis and Robin Lovelace and Ma?lle Salmon},
  journal = {The Journal of Open Source Software},
  year = {2017},
  volume = {2},
  number = {14},
  month = {jun},
  publisher = {The Open Journal},
  url = {https://doi.org/10.21105/joss.00305},
  doi = {10.21105/joss.00305},
}

@Manual{rgrass7,
  title = {rgrass7: Interface Between GRASS 7 Geographical Information System and R},
  author = {Roger Bivand},
  year = {2019},
  note = {R package version 0.2-1},
  url = {https://CRAN.R-project.org/package=rgrass7},
}


@Book{Xie2016,
  title     = {bookdown},
  publisher = {Chapman and Hall/{CRC}},
  year      = {2016},
  author    = {Yihui Xie},
  month     = {dec},
  doi       = {10.1201/9781315204963},
}

@Book{lovelace2019,
  title     = {Geocomputation with R},
  publisher = {Taylor \& Francis Ltd},
  year      = {2019},
  author    = {Robin Lovelace and Jakub Nowosad and Jannes Muenchow},
  isbn      = {1138304514},
  date      = {2019-03-21},
  ean       = {9781138304512},
  pagetotal = {335},
  url       = {https://www.ebook.de/de/product/36273709/robin_university_of_leeds_uk_lovelace_jakub_adam_mickiewicz_university_poznan_poland_nowosad_jannes_friedrich_schiller_university_jena_germany_muenchow_geocomputation_with_r.html},
}

@Book{applegate2006,
  title     = {The Traveling Salesman Problem},
  publisher = {Princeton University Press},
  year      = {2007},
  author    = {Applegate, David L. and Bixby, Robert E. and Chv√°tal, Vasek},
  isbn      = {0691129932},
  date      = {2007-02-04},
  ean       = {9780691129938},
  pagetotal = {606},
  url       = {https://www.ebook.de/de/product/6393107/david_l_applegate_robert_e_bixby_vasek_chvatal_the_traveling_salesman_problem.html},
}

@Book{lawler1985,
  title     = {Traveling Salesman Problem},
  publisher = {John Wiley \& Sons},
  year      = {1985},
  author    = {Lawler, Lenstra, Rinnooy},
  isbn      = {0471904139},
  date      = {1985-09-11},
  ean       = {9780471904137},
  pagetotal = {484},
  url       = {https://www.ebook.de/de/product/3055876/lawler_lenstra_rinnooy_traveling_salesman_problem.html},
}

@Article{jsonlite,
  title = {The jsonlite Package: A Practical and Consistent Mapping Between JSON Data and R Objects},
  author = {Jeroen Ooms},
  journal = {arXiv:1403.2805 [stat.CO]},
  year = {2014},
  url = {https://arxiv.org/abs/1403.2805},
}

@Manual{raster,
  title = {raster: Geographic Data Analysis and Modeling},
  author = {Robert J. Hijmans},
  year = {2019},
  note = {R package version 3.0-7},
  url = {https://CRAN.R-project.org/package=raster},
}


@Comment{jabref-meta: databaseType:bibtex;}
